@misc{volere,
  title = {{Volere Requirements Specification Template Edition 13 - August 2007}},
  author = {James and Suzanne Robertson},
  year = {2007}, 
  publisher = {Atlantic Systems Guild}
}